<?xml version="1.0" encoding="UTF-8"?><collection xmlns="http://www.loc.gov/MARC21/slim"><record><leader>00417nam--2200145-i-4500</leader><controlfield tag="001">000020926</controlfield><controlfield tag="002">20161230</controlfield><controlfield tag="005">20161230201033</controlfield><controlfield tag="008">060222s1000------------r-----000-0-eng-d</controlfield><datafield ind1=" " ind2=" " tag="020"><subfield code="a">0-306-44</subfield></datafield><datafield ind1=" " ind2=" " tag="080"><subfield code="a">530.18</subfield></datafield><datafield ind1=" " ind2=" " tag="245"><subfield code="a">Symmetries in science vii. spectrum-generating algebras and dynamic symmetries in physics</subfield></datafield><datafield ind1=" " ind2=" " tag="260"><subfield code="a">Plenum Press, New York And London, 1992. 632 P</subfield></datafield><datafield ind1=" " ind2=" " tag="700"><subfield code="a">Bruno Gruber</subfield></datafield><datafield ind1=" " ind2=" " tag="852"><subfield code="a">80272</subfield></datafield></record></collection>